%YAML 1.1
%TAG !u! tag:unity3d.com,2011:
--- !u!114 &-7192976491630880276
MonoBehaviour:
  m_ObjectHideFlags: 1
  m_CorrespondingSourceObject: {fileID: 0}
  m_PrefabInstance: {fileID: 0}
  m_PrefabAsset: {fileID: 0}
  m_GameObject: {fileID: 0}
  m_Enabled: 1
  m_EditorHideFlags: 0
  m_Script: {fileID: 11500000, guid: 889ce58290cc53942bbe6f94db0f83f6, type: 3}
  m_Name: Patrol
  m_EditorClassIdentifier: 
  parentFSM: {fileID: 0}
  executionType: 1
  editingName: 0
  debugMode: 0
  patrolSpeed: 1
--- !u!114 &-6602397626124328448
MonoBehaviour:
  m_ObjectHideFlags: 1
  m_CorrespondingSourceObject: {fileID: 0}
  m_PrefabInstance: {fileID: 0}
  m_PrefabAsset: {fileID: 0}
  m_GameObject: {fileID: 0}
  m_Enabled: 1
  m_EditorHideFlags: 0
  m_Script: {fileID: 11500000, guid: 889ce58290cc53942bbe6f94db0f83f6, type: 3}
  m_Name: Patrol
  m_EditorClassIdentifier: 
  parentFSM: {fileID: 11400000}
  executionType: 1
  editingName: 0
  debugMode: 0
  patrolSpeed: 1
--- !u!114 &-5936910317570125754
MonoBehaviour:
  m_ObjectHideFlags: 1
  m_CorrespondingSourceObject: {fileID: 0}
  m_PrefabInstance: {fileID: 0}
  m_PrefabAsset: {fileID: 0}
  m_GameObject: {fileID: 0}
  m_Enabled: 1
  m_EditorHideFlags: 0
  m_Script: {fileID: 11500000, guid: e9a3a5918cafd504984c92c2c45d6ffc, type: 3}
  m_Name: Change FSM Behaviour
  m_EditorClassIdentifier: 
  parentFSM: {fileID: 11400000}
  executionType: 1
  editingName: 0
  newBehaviour: {fileID: 0}
--- !u!114 &11400000
MonoBehaviour:
  m_ObjectHideFlags: 0
  m_CorrespondingSourceObject: {fileID: 0}
  m_PrefabInstance: {fileID: 0}
  m_PrefabAsset: {fileID: 0}
  m_GameObject: {fileID: 0}
  m_Enabled: 1
  m_EditorHideFlags: 0
  m_Script: {fileID: 11500000, guid: a5fc604039227434d8b4e63ebc5e74a5, type: 3}
  m_Name: FSM_GoToExit2
  m_EditorClassIdentifier: 
  selectedNode: {fileID: 114838249756210422}
  wantConnection: 0
  connectionNode: {fileID: 0}
  showProperties: 1
  states:
  - {fileID: 114623865005668288}
  - {fileID: 114777723428061538}
  - {fileID: 114522573857816280}
  - {fileID: 114838249756210422}
  panOffset: {x: 555, y: 100}
  overNode: 0
  actions:
  - {fileID: 0}
  - {fileID: 0}
  - {fileID: 0}
  - {fileID: 0}
  - {fileID: 0}
  - {fileID: 0}
  - {fileID: 0}
  - {fileID: 0}
  decisions:
  - {fileID: 0}
  - {fileID: 0}
  icon: {fileID: 2800000, guid: edb5dd032a23d534bb6e0d31e06f52c9, type: 3}
--- !u!114 &114018770363812190
MonoBehaviour:
  m_ObjectHideFlags: 1
  m_CorrespondingSourceObject: {fileID: 0}
  m_PrefabInstance: {fileID: 0}
  m_PrefabAsset: {fileID: 0}
  m_GameObject: {fileID: 0}
  m_Enabled: 1
  m_EditorHideFlags: 0
  m_Script: {fileID: 11500000, guid: bda83d0c38576bb4cba27b191d29f889, type: 3}
  m_Name: Set Line Of Sight
  m_EditorClassIdentifier: 
  parentFSM: {fileID: 11400000}
  executionType: 2
  editingName: 0
  fieldOfView: 90
  minDistanceToDetect: 5
  maxDistanceToDetect: 10
  lostTargetDistance: 2
--- !u!114 &114175740266872942
MonoBehaviour:
  m_ObjectHideFlags: 1
  m_CorrespondingSourceObject: {fileID: 0}
  m_PrefabInstance: {fileID: 0}
  m_PrefabAsset: {fileID: 0}
  m_GameObject: {fileID: 0}
  m_Enabled: 1
  m_EditorHideFlags: 0
  m_Script: {fileID: 11500000, guid: 75075eb4af4f06d448900b13ccf265db, type: 3}
  m_Name: Go To Noise Position
  m_EditorClassIdentifier: 
  parentFSM: {fileID: 11400000}
  executionType: 3
  editingName: 0
  findNewNoise: 0
  specificType: 0
  noiseTypes: []
  lookToNoisePosition: 1
  speed: 0
--- !u!114 &114304989329773736
MonoBehaviour:
  m_ObjectHideFlags: 1
  m_CorrespondingSourceObject: {fileID: 0}
  m_PrefabInstance: {fileID: 0}
  m_PrefabAsset: {fileID: 0}
  m_GameObject: {fileID: 0}
  m_Enabled: 1
  m_EditorHideFlags: 0
  m_Script: {fileID: 11500000, guid: 73bd998a8bf278247a12d85c962a7bfb, type: 3}
  m_Name: Is In Destination
  m_EditorClassIdentifier: 
  parentFSM: {fileID: 11400000}
  editingName: 0
  trueRect:
    serializedVersion: 2
    x: 0
    y: 0
    width: 10
    height: 10
  falseRect:
    serializedVersion: 2
    x: 0
    y: 0
    width: 10
    height: 10
  selectedTrue: 0
  selectedFalse: 0
--- !u!114 &114426656448257244
MonoBehaviour:
  m_ObjectHideFlags: 1
  m_CorrespondingSourceObject: {fileID: 0}
  m_PrefabInstance: {fileID: 0}
  m_PrefabAsset: {fileID: 0}
  m_GameObject: {fileID: 0}
  m_Enabled: 1
  m_EditorHideFlags: 0
  m_Script: {fileID: 11500000, guid: 5f9f73aafea62424398a4f40efc4f8cf, type: 3}
  m_Name: Find Target With Tag
  m_EditorClassIdentifier: 
--- !u!114 &114488569794718188
MonoBehaviour:
  m_ObjectHideFlags: 1
  m_CorrespondingSourceObject: {fileID: 0}
  m_PrefabInstance: {fileID: 0}
  m_PrefabAsset: {fileID: 0}
  m_GameObject: {fileID: 0}
  m_Enabled: 1
  m_EditorHideFlags: 0
  m_Script: {fileID: 11500000, guid: d4d26e0c051fbd54f9d3f949215c05fa, type: 3}
  m_Name: Is listening noise
  m_EditorClassIdentifier: 
  parentFSM: {fileID: 11400000}
  editingName: 0
  trueRect:
    serializedVersion: 2
    x: 0
    y: 0
    width: 10
    height: 10
  falseRect:
    serializedVersion: 2
    x: 0
    y: 0
    width: 10
    height: 10
  selectedTrue: 0
  selectedFalse: 0
  specific: 0
  noiseTypes: []
--- !u!114 &114522573857816280
MonoBehaviour:
  m_ObjectHideFlags: 1
  m_CorrespondingSourceObject: {fileID: 0}
  m_PrefabInstance: {fileID: 0}
  m_PrefabAsset: {fileID: 0}
  m_GameObject: {fileID: 0}
  m_Enabled: 1
  m_EditorHideFlags: 0
  m_Script: {fileID: 11500000, guid: 3b73a6f13cf18194e889cafd0287a9ec, type: 3}
  m_Name: Walking
  m_EditorClassIdentifier: 
  description: AI will search for the Enemys
  selectedDecisionIndex: 0
  canRemove: 1
  canTranstTo: 1
  canSetAsDefault: 1
  canEditName: 1
  canEditColor: 1
  isOpen: 0
  isSelected: 0
  nodeRect:
    serializedVersion: 2
    x: 555
    y: 195
    width: 145
    height: 30
  positionRect: {x: 555, y: 195}
  rectWidth: 145
  editingName: 1
  nodeColor: {r: 0.6462474, g: 1, b: 0, a: 1}
  resizeLeft: 0
  resizeRight: 0
  inDrag: 0
  resetCurrentDestination: 0
  transitions:
  - decisions:
    - trueValue: 1
      decision: {fileID: 114488569794718188}
      isValid: 0
      validated: 0
    trueState: {fileID: 114838249756210422}
    falseState: {fileID: 0}
    muteTrue: 0
    muteFalse: 0
    transitionType: 0
    transitionDelay: 0
    parentState: {fileID: 114522573857816280}
    trueRect:
      serializedVersion: 2
      x: 627.5
      y: 210
      width: 0
      height: 0
    falseRect:
      serializedVersion: 2
      x: 627.5
      y: 210
      width: 0
      height: 0
    selectedTrue: 0
    selectedFalse: 0
    trueSideRight: 0
    falseSideRight: 0
    decisionEditor: {fileID: 0}
    isOpen: 0
    scroolView: {x: 0, y: 0, z: 0}
    sameTargetCount: 0
  actions:
  - {fileID: -6602397626124328448}
  useActions: 1
  useDecisions: 1
  parentGraph: {fileID: 11400000}
  defaultTransition: {fileID: 0}
--- !u!114 &114623865005668288
MonoBehaviour:
  m_ObjectHideFlags: 1
  m_CorrespondingSourceObject: {fileID: 0}
  m_PrefabInstance: {fileID: 0}
  m_PrefabAsset: {fileID: 0}
  m_GameObject: {fileID: 0}
  m_Enabled: 1
  m_EditorHideFlags: 0
  m_Script: {fileID: 11500000, guid: 3b73a6f13cf18194e889cafd0287a9ec, type: 3}
  m_Name: Entry
  m_EditorClassIdentifier: 
  description: "This State Run Just in Start \nto init first state"
  selectedDecisionIndex: 0
  canRemove: 0
  canTranstTo: 0
  canSetAsDefault: 0
  canEditName: 0
  canEditColor: 0
  isOpen: 0
  isSelected: 0
  nodeRect:
    serializedVersion: 2
    x: 555
    y: 100
    width: 150
    height: 30
  positionRect: {x: 555, y: 100}
  rectWidth: 150
  editingName: 0
  nodeColor: {r: 0, g: 1, b: 0, a: 1}
  resizeLeft: 0
  resizeRight: 0
  inDrag: 0
  resetCurrentDestination: 0
  transitions: []
  actions: []
  useActions: 0
  useDecisions: 0
  parentGraph: {fileID: 11400000}
  defaultTransition: {fileID: 114522573857816280}
--- !u!114 &114777723428061538
MonoBehaviour:
  m_ObjectHideFlags: 1
  m_CorrespondingSourceObject: {fileID: 0}
  m_PrefabInstance: {fileID: 0}
  m_PrefabAsset: {fileID: 0}
  m_GameObject: {fileID: 0}
  m_Enabled: 1
  m_EditorHideFlags: 0
  m_Script: {fileID: 11500000, guid: 3b73a6f13cf18194e889cafd0287a9ec, type: 3}
  m_Name: AnyState
  m_EditorClassIdentifier: 
  description: This State Run after current state
  selectedDecisionIndex: 0
  canRemove: 0
  canTranstTo: 0
  canSetAsDefault: 0
  canEditName: 0
  canEditColor: 0
  isOpen: 0
  isSelected: 0
  nodeRect:
    serializedVersion: 2
    x: 510
    y: 390
    width: 150
    height: 30
  positionRect: {x: 510, y: 390}
  rectWidth: 150
  editingName: 1
  nodeColor: {r: 0, g: 1, b: 1, a: 1}
  resizeLeft: 0
  resizeRight: 0
  inDrag: 0
  resetCurrentDestination: 0
  transitions: []
  actions: []
  useActions: 0
  useDecisions: 1
  parentGraph: {fileID: 11400000}
  defaultTransition: {fileID: 0}
--- !u!114 &114838249756210422
MonoBehaviour:
  m_ObjectHideFlags: 1
  m_CorrespondingSourceObject: {fileID: 0}
  m_PrefabInstance: {fileID: 0}
  m_PrefabAsset: {fileID: 0}
  m_GameObject: {fileID: 0}
  m_Enabled: 1
  m_EditorHideFlags: 0
  m_Script: {fileID: 11500000, guid: 3b73a6f13cf18194e889cafd0287a9ec, type: 3}
  m_Name: GoExit
  m_EditorClassIdentifier: 
  description: 'If AI hear a Noise, will enter in Alert

    and will go to noise
    position'
  selectedDecisionIndex: 0
  canRemove: 1
  canTranstTo: 1
  canSetAsDefault: 1
  canEditName: 1
  canEditColor: 1
  isOpen: 0
  isSelected: 1
  nodeRect:
    serializedVersion: 2
    x: 550
    y: 300
    width: 150
    height: 30
  positionRect: {x: 550, y: 300}
  rectWidth: 150
  editingName: 1
  nodeColor: {r: 1, g: 0.88965523, b: 0, a: 1}
  resizeLeft: 0
  resizeRight: 0
  inDrag: 0
  resetCurrentDestination: 1
  transitions:
  - decisions: []
    trueState: {fileID: 0}
    falseState: {fileID: 0}
    muteTrue: 0
    muteFalse: 0
    transitionType: 0
    transitionDelay: 1
    parentState: {fileID: 114838249756210422}
    trueRect:
      serializedVersion: 2
      x: 625
      y: 315
      width: 0
      height: 0
    falseRect:
      serializedVersion: 2
      x: 625
      y: 315
      width: 0
      height: 0
    selectedTrue: 0
    selectedFalse: 0
    trueSideRight: 1
    falseSideRight: 1
    decisionEditor: {fileID: 0}
    isOpen: 0
    scroolView: {x: 0, y: 0, z: 0}
    sameTargetCount: 0
  actions:
  - {fileID: 114973002304902794}
  useActions: 1
  useDecisions: 1
  parentGraph: {fileID: 11400000}
  defaultTransition: {fileID: 0}
--- !u!114 &114897929461577762
MonoBehaviour:
  m_ObjectHideFlags: 1
  m_CorrespondingSourceObject: {fileID: 0}
  m_PrefabInstance: {fileID: 0}
  m_PrefabAsset: {fileID: 0}
  m_GameObject: {fileID: 0}
  m_Enabled: 1
  m_EditorHideFlags: 0
  m_Script: {fileID: 11500000, guid: c7dd9128442034d4a98b0430cebab6b6, type: 3}
  m_Name: Look Around
  m_EditorClassIdentifier: 
  parentFSM: {fileID: 11400000}
  executionType: 1
  editingName: 0
--- !u!114 &114907950296485982
MonoBehaviour:
  m_ObjectHideFlags: 1
  m_CorrespondingSourceObject: {fileID: 0}
  m_PrefabInstance: {fileID: 0}
  m_PrefabAsset: {fileID: 0}
  m_GameObject: {fileID: 0}
  m_Enabled: 1
  m_EditorHideFlags: 0
  m_Script: {fileID: 11500000, guid: 768afce2621982b4b8b53bfe6b95aff5, type: 3}
  m_Name: Wander
  m_EditorClassIdentifier: 
  parentFSM: {fileID: 11400000}
  executionType: 1
  editingName: 0
  wanderInStrafe: 1
  speed: 1
--- !u!114 &114973002304902794
MonoBehaviour:
  m_ObjectHideFlags: 1
  m_CorrespondingSourceObject: {fileID: 0}
  m_PrefabInstance: {fileID: 0}
  m_PrefabAsset: {fileID: 0}
  m_GameObject: {fileID: 0}
  m_Enabled: 1
  m_EditorHideFlags: 0
  m_Script: {fileID: 11500000, guid: 714cdc96e35146746ab54334262480d1, type: 3}
  m_Name: SendMessage
  m_EditorClassIdentifier: 
  parentFSM: {fileID: 11400000}
  executionType: 2
  editingName: 0
  listenerName: GoToExit
  message: GoToExit
